402 179 384 43 HOMBBRBW
817 173 363 49 COMPUTER
1207 173 173 47 CLUB

338 254 303 59 Fairchild
673 256 394 57 Auditorium
1099 286 27 6 -
1154 253 294 58 Stanford

338 348 146 59 7:30
518 376 26 7 -
584 350 178 57 10:30
796 363 139 50 p.m.
964 349 148 52 Nov.
1142 348 102 62 21.
1282 346 162 53 1984

263 497 205 41 CKOMIl
510 500 92 38 i*4
649 498 133 41 UNIX
823 519 25 6 -
892 498 209 40 Michael
1146 498 251 39 Merchant
1438 494 90 42 will

260 563 173 39 discuss
473 564 69 38 the
586 563 177 40 CROMIX
798 564 79 39 and
922 564 114 39 UNIX
1071 563 220 49 operating
1331 567 200 43 systems.

263 628 177 40 CROMIX
469 629 38 40 is
536 630 71 39 the
634 629 114 40 UNIX
782 630 88 40 like
896 629 219 50 operating
1140 633 160 44 system
1328 629 91 38 that
1448 635 83 41 you

260 704 77 29 can
355 693 129 41 tailor
507 699 41 35 to
563 705 107 39 your
691 694 275 51 application.
1006 694 283 45 Crómame*.
1312 691 214 42 Mountain

262 759 123 46 View.
414 760 234 40 California
702 762 74 39 has
808 761 162 40 offered
1000 762 71 39 the
1103 760 177 40 CROMIX
1312 758 220 51 operating

261 830 159 42 system
442 824 66 39 for
530 836 111 28 some
664 824 112 40 time.
818 824 111 50 They
951 826 100 38 have
1072 824 194 49 recently
1288 822 241 41 announced

262 889 90 41 that
374 889 115 42 UNIX
515 890 159 49 System
702 890 29 41 V
762 890 38 41 is
823 890 209 42 available
1058 890 66 41 for
1152 890 113 41 their
1292 893 238 46 computers

262 960 79 35 too.
388 955 99 40 This
511 956 179 50 meeting
715 955 90 42 will
834 956 51 40 be
906 967 52 29 an
984 956 215 40 excellent
1225 955 100 41 time
1348 960 42 35 lo
1415 960 69 45 get
1504 964 25 30 a

260 1022 263 50 comparison
541 1023 182 40 between
742 1023 70 40 the
834 1028 76 35 two
925 1027 198 46 systems.
1163 1022 35 41 It
1213 1022 90 41 will
1327 1022 92 40 also
1436 1021 51 40 be
1504 1030 26 31 a

260 1086 99 49 good
380 1086 100 40 time
497 1093 42 34 to
556 1087 118 40 learn
691 1099 111 28 more
818 1088 126 39 about
961 1088 71 39 the
1047 1087 180 50 growing
1245 1098 75 28 use
1336 1086 43 40 of
1397 1085 128 41 UNIX.

260 1217 274 40 BACKETS
576 1219 353 39 CONFERENCE
965 1241 20 8 -
1023 1218 100 41 This
1160 1219 249 39 conference
1444 1228 81 29 was

261 1284 98 38 held
383 1284 87 50 just
496 1293 25 30 a
540 1284 76 40 few
641 1285 134 39 weeks
799 1294 72 40 ago
896 1286 79 38 and
1000 1286 179 48 brought
1205 1285 189 48 together
1415 1292 112 31 some

263 1346 256 51 interesting
561 1348 302 49 personalities
906 1349 42 39 of
991 1349 70 39 the
1101 1354 176 34 current
1317 1353 215 44 computer

260 1413 243 49 generation
525 1424 47 30 or
600 1415 198 50 possibly
820 1415 70 39 the
917 1419 96 46 past
1033 1419 214 45 computer
1273 1413 257 51 generation.

261 1477 77 40 Lee
353 1489 80 29 was
453 1479 120 40 there
588 1480 79 39 and
687 1491 91 38 may
795 1480 51 40 be
862 1480 201 49 expected
1083 1485 42 35 to
1142 1485 174 44 present
1332 1490 25 29 a
1372 1485 158 43 report.

260 1608 214 41 FUTURE
525 1609 306 42 HOMEBREW
886 1610 273 41 MEETINGS
1215 1632 24 8 -
1298 1610 82 41 The
1426 1616 101 34 next

260 1675 234 42 Homebrew
546 1676 216 51 Computer
814 1677 103 42 Club
970 1677 179 50 meeting
1202 1677 38 41 is
1297 1677 231 42 scheduled

260 1740 223 41 December
526 1742 64 45 19.
639 1742 106 43 1984
788 1748 44 34 at
867 1742 154 50 Turing
1062 1742 272 41 Auditorium
1376 1748 43 34 at
1456 1742 71 40 the

260 1807 154 52 Jordan
441 1808 129 49 Quad.
602 1809 191 40 Stanford
824 1809 259 50 University.
1140 1809 74 40 All
1248 1809 203 50 meetings
1486 1809 45 40 in

267 1871 107 47 1985
397 1873 101 40 have
519 1874 92 39 also
633 1874 104 40 been
758 1874 231 40 scheduled
1012 1880 43 34 at
1076 1874 156 50 Turing
1253 1873 273 42 Auditorium

259 1950 52 31 on
345 1940 70 41 the
448 1940 77 45 3rd
557 1940 258 51 Wednesday
846 1941 42 41 of
919 1942 101 41 each
1052 1942 153 46 month,
1238 1941 185 52 January
1467 1936 62 51 16.

267 2006 122 46 1985.
406 2006 214 50 February
639 2007 68 45 20.
731 2007 122 46 1985.
871 2009 78 38 and
968 2020 49 27 so
1032 2008 128 40 forth.

259 2137 204 41 NOTICE
486 2159 23 8 -
538 2138 286 41 DECEMBER
851 2138 244 41 MEETING
1120 2138 76 42 AT
1217 2138 307 42 FAIRCHILD

259 2204 378 47 AUDITORIUM.
660 2205 289 41 STANFORD
973 2206 253 41 MEDICAL
1249 2205 226 42 CENTER.

328 2356 215 38 PANAMA
562 2357 167 37 STREET

625 2929 192 38 CAMPUS
841 2929 138 40 DRIVE

797 3118 260 39 FAIRCHILD

798 3194 307 39 AUDITORIUM

453 3305 308 53 Stanford
806 3305 386 68 University
